@book{piston1978harmony,
  title={Harmony. (Revised and expanded by Mark DeVoto)},
  author={Piston, Walter},
  journal={Londres: Victor Gollancz LTD},
  year={1978}
}
@book{swain2002harmonic,
  title={Harmonic rhythm: Analysis and interpretation},
  author={Swain, Joseph P},
  year={2002},
  publisher={Oxford University Press}
}
@book{meredith2016computational,
  title={Computational music analysis},
  author={Meredith, David},
  year={2016},
  publisher={Springer}
}
@book{temperley2007music,
  title={Music and probability},
  author={Temperley, David},
  year={2007},
  publisher={The MIT Press}
}
@book{rameau1722traite,
  title={Trait{\'e} de l'harmonie r{\'e}duite {\`a} ses principes naturels...},
  author={Rameau, Jean-Philippe},
  year={1722},
  publisher={Imp. de J.-B.-C. Ballard}
}
@book{schonberg1922harmonielehre,
  title={Harmonielehre},
  author={Sch{\"o}nberg, Arnold},
  number={3370},
  year={1922},
  publisher={Universal-edition}
}
@book{schonberg1976stil,
  title={Stil und Gedanke: Aufs{\"a}tze zur Musik},
  author={Sch{\"o}nberg, Arnold},
  volume={1},
  year={1976},
  publisher={S. Fischer Verlag GmbH}
}
@book{jackendoff1983generative,
  title={A generative theory of tonal music},
  author={Jackendoff, Ray and Lerdahl, Fred},
  year={1983},
  publisher={MIT press}
}
@book{willi1944harvard,
  title={Harvard dictionary of music},
  author={Willi, Apel},
  journal={Harvard University Pres, Cambridge},
  year={1944}
}
@book{szende1977intervallic,
  title={Intervallic hearing: its nature and pedagogy},
  author={Szende, Ott{\'o}},
  year={1977},
  publisher={Akad{\'e}miai Kiad{\'o}}
}
@book{riemann1893vereinfachte,
  title={Vereinfachte Harmonielehre oder die Lehre von den tonalen Funktionen der Akkorde},
  author={Riemann, Hugo},
  year={1893},
  publisher={Augener}
}
@book{schenker1906harmonielehre,
  title={Harmonielehre (Neue musikalische Theorien und Phantasien, Band 1)},
  author={Schenker, H},
  publisher={Stuttgart, Deutschland: Cotta},
  year={1906}
}
@book{schenker1991neue,
  title={Neue musikalische Theorien und Phantasien: Kontrapunkt},
  author={Schenker, Heinrich},
  year={1991},
  publisher={Georg Olms Verlag}
}
@book{schenker1956freie,
  title={Der freie Satz},
  author={Schenker, Heinrich and Jonas, Oswald},
  volume={1},
  year={1956},
  publisher={Universal Edition}
}
@book{dowling1986music,
  title={Music cognition},
  author={Dowling, Walter Jay and Harwood, Dane L},
  year={1986},
  publisher={Academic Press, Inc.}
}
@book{hallam2011oxford,
  title={Oxford handbook of music psychology},
  author={Hallam, Susan and Cross, Ian and Thaut, Michael},
  year={2011},
  publisher={Oxford University Press}
}


###########################################################


@article{la2001harmonic,
  title={Harmonic Rhythm in the Beethoven symphonies},
  author={La Rue, Jan},
  journal={The Journal of Musicology},
  volume={18},
  number={2},
  pages={221--248},
  year={2001},
  publisher={JSTOR}
}
@article{hadjeres2016deepbach,
  title={DeepBach: a Steerable Model for Bach chorales generation},
  author={Hadjeres, Ga{\"e}tan and Pachet, Fran{\c{c}}ois},
  journal={arXiv preprint arXiv:1612.01010},
  year={2016}
}
@article{thomassen1982melodic,
  title={Melodic accent: Experiments and a tentative model},
  author={Thomassen, Joseph M},
  journal={The Journal of the Acoustical Society of America},
  volume={71},
  number={6},
  pages={1596--1605},
  year={1982},
  publisher={ASA}
}
@phdthesis{dawe1993rhythm,
  title={Rhythm pattern perception in music: the role of harmonic accents in perception of rhythmic structure.},
  author={Dawe, Lloyd A},
  year={1993}
}
@article{toiviainen2006autocorrelation,
  title={Autocorrelation in meter induction: The role of accent structure a},
  author={Toiviainen, Petri and Eerola, Tuomas},
  journal={The Journal of the Acoustical Society of America},
  volume={119},
  number={2},
  pages={1164--1170},
  year={2006},
  publisher={ASA}
}
@inproceedings{kaliakatsos2016overview,
  title={Learning and blending harmonies in the context of a melodic harmonisation assistant},
  author={Kaliakatsos-Papakostas, Maximos and Makris, Dimos and Zacharakis, Asterios and Tsougras, Costas and Cambouropoulos, Emilios},
  booktitle={IFIP International Conference on Artificial Intelligence Applications and Innovations},
  pages={520--527},
  year={2016},
  organization={Springer}
}
@article{kaliakatsos2016learning,
  title={Learning and creating novel harmonies in diverse musical idioms: an adaptive modular melodic harmonisation system},
  author={Kaliakatsos-Papakostas, Maximos and Makris, Dimos and Tsougras, Costas and Cambouropoulos, Emilios},
  journal={J. Creative Music Syst},
  volume={1},
  number={1},
  year={2016}
}
@inproceedings{gomez2005mathematical,
  title={Mathematical measures of syncopation},
  author={G{\'o}mez, Francisco and Melvin, Andrew and Rappaport, David and Toussaint, Godfried T and others},
  booktitle={BRIDGES: Mathematical Connections in Art, Music and Science},
  pages={73--84},
  year={2005}
}
@article{fitch2007perception,
  title={Perception and production of syncopated rhythms},
  author={Fitch, W Tecumseh and Rosenfeld, Andrew J},
  journal={Music Perception: An Interdisciplinary Journal},
  volume={25},
  number={1},
  pages={43--58},
  year={2007},
  publisher={University of California Press Journals}
}
@article{temperley2004communicative,
  title={Communicative pressure and the evolution of musical styles},
  author={Temperley, David},
  journal={Music Perception: An Interdisciplinary Journal},
  volume={21},
  number={3},
  pages={313--337},
  year={2004},
  publisher={University of California Press Journals}
}
@article{dowling1971contour,
  title={Contour, interval, and pitch recognition in memory for melodies},
  author={Dowling, W Jay and Fujitani, Diane S},
  journal={The Journal of the Acoustical Society of America},
  volume={49},
  number={2B},
  pages={524--531},
  year={1971},
  publisher={ASA}
}
@article{bigand1999perceiving,
  title={Perceiving musical tension in long chord sequences},
  author={Bigand, Emmanuel and Parncutt, Richard},
  journal={Psychological Research},
  volume={62},
  number={4},
  pages={237--254},
  year={1999},
  publisher={Springer}
}
@article{schmuckler1989expectation,
  title={Expectation in music: Investigation of melodic and harmonic processes},
  author={Schmuckler, Mark A},
  journal={Music Perception: An Interdisciplinary Journal},
  volume={7},
  number={2},
  pages={109--149},
  year={1989},
  publisher={University of California Press Journals}
}
